<record><leader>00000cas a22000007a 4500</leader><controlfield tag="001">24423951</controlfield><controlfield tag="008">910920d19181918mnuwr ne      0    0eng d</controlfield><datafield ind1=" " ind2=" " tag="010"><subfield code="a">sn 91059367 </subfield></datafield><datafield ind1=" " ind2=" " tag="040"><subfield code="a">MN#</subfield><subfield code="b">eng</subfield><subfield code="c">MN#</subfield><subfield code="d">OCLCQ</subfield><subfield code="d">OCLCF</subfield><subfield code="d">OCLCO</subfield></datafield><datafield ind1="1" ind2=" " tag="029"><subfield code="a">AU@</subfield><subfield code="b">000025892672</subfield></datafield><datafield ind1=" " ind2=" " tag="042"><subfield code="a">msc</subfield></datafield><datafield ind1=" " ind2=" " tag="043"><subfield code="a">n-us-mn</subfield></datafield><datafield ind1=" " ind2=" " tag="052"><subfield code="a">4144</subfield><subfield code="b">G635</subfield></datafield><datafield ind1=" " ind2=" " tag="052"><subfield code="a">4143</subfield><subfield code="b">P3</subfield></datafield><datafield ind1="0" ind2="4" tag="245"><subfield code="a">The Goodridge banner and the eleven towns.</subfield></datafield><datafield ind1=" " ind2=" " tag="260"><subfield code="a">Goodridge, Pennington County, Minn. :</subfield><subfield code="b">A.O. Halvorson</subfield></datafield><datafield ind1=" " ind2=" " tag="300"><subfield code="a">1 v.</subfield></datafield><datafield ind1=" " ind2=" " tag="310"><subfield code="a">Weekly</subfield></datafield><datafield ind1="0" ind2=" " tag="362"><subfield code="a">Vol. 13, no. 22 (May 30, 1918)-v. 13, no. 23 (June 6, 1918).</subfield></datafield><datafield ind1=" " ind2=" " tag="530"><subfield code="a">Available on microfilm from the Minnesota Historical Society.</subfield></datafield><datafield ind1=" " ind2="0" tag="651"><subfield code="a">Pennington County (Minn.)</subfield><subfield code="v">Newspapers.</subfield></datafield><datafield ind1=" " ind2="7" tag="655"><subfield code="a">Newspapers.</subfield><subfield code="2">fast</subfield><subfield code="0">(OCoLC)fst01423814</subfield></datafield><datafield ind1=" " ind2="7" tag="651"><subfield code="a">Minnesota</subfield><subfield code="z">Pennington County.</subfield><subfield code="2">fast</subfield><subfield code="0">(OCoLC)fst01214838</subfield></datafield><datafield ind1=" " ind2=" " tag="752"><subfield code="a">United States</subfield><subfield code="b">Minnesota</subfield><subfield code="c">Pennington</subfield><subfield code="d">Goodridge.</subfield></datafield><datafield ind1="0" ind2="0" tag="780"><subfield code="t">Eleven towns (Goodridge, Minn.)</subfield><subfield code="w">(DLC)sn 91059366</subfield></datafield><datafield ind1="0" ind2="0" tag="785"><subfield code="t">Goodridge banner</subfield><subfield code="w">(DLC)sn 91059368</subfield></datafield></record>